%% Created using Papers on Thu, 10 Nov 2011.
%% http://mekentosj.com/papers/

@book{Nagy:2003vv,
author = {Nagy, Andr{\'a}s},
title = {{Manipulating the mouse embryo}},
publisher = {Cold Spring Harbor Laboratory Pr},
year = {2003},
series = {a laboratory manual}
}

@article{Nikonov:2008ejb,
author = {Nikonov, Sergei S and Brown, Bruce M and Davis, Jason A and Zuniga, Freddi I and Bragin, Alvina and Pugh, Edward N and Craft, Cheryl M},
title = {{Mouse cones require an arrestin for normal inactivation of phototransduction.}},
journal = {Neuron},
year = {2008},
volume = {59},
number = {3},
pages = {462--474},
month = aug
}

@article{Pepperberg:1988wr,
author = {Pepperberg, D R and Kahlert, M and Krause, A and Hofmann, K P},
title = {{Photic modulation of a highly sensitive, near-infrared light-scattering signal recorded from intact retinal photoreceptors.}},
journal = {Proceedings of the National Academy of Sciences of the United States of America},
year = {1988},
volume = {85},
number = {15},
pages = {5531--5535},
month = aug
}

@article{Chen:1995td,
author = {Chen, J and Makino, C L and Peachey, N S and Baylor, D A and Simon, M I},
title = {{Mechanisms of rhodopsin inactivation in vivo as revealed by a COOH-terminal truncation mutant.}},
journal = {Science},
year = {1995},
volume = {267},
number = {5196},
pages = {374--377},
month = jan
}

@article{Maeda:2003um,
author = {Maeda, Tadao and Imanishi, Yoshikazu and Palczewski, Krzysztof},
title = {{Rhodopsin phosphorylation: 30 years later}},
journal = {Progress in retinal and eye research},
year = {2003},
volume = {22},
number = {4},
pages = {417--434},
month = jul
}

@article{Azevedo:2011ev,
author = {Azevedo, Anthony W and Rieke, Fred},
title = {{Experimental protocols alter phototransduction: the implications for retinal processing at visual threshold.}},
journal = {Journal of Neuroscience},
year = {2011},
volume = {31},
number = {10},
pages = {3670--3682},
month = mar
}

@article{Liang:2004hn,
author = {Liang, Yan and Fotiadis, Dimitrios and Maeda, Tadao and Maeda, Akiko and Modzelewska, Anna and Filipek, Slawomir and Saperstein, David A and Engel, Andreas and Palczewski, Krzysztof},
title = {{Rhodopsin signaling and organization in heterozygote rhodopsin knockout mice.}},
journal = {The Journal of biological chemistry},
year = {2004},
volume = {279},
number = {46},
pages = {48189--48196},
month = nov
}

@article{Chen:2000fv,
author = {Chen, C-K and Burns, M E and He, W and Wensel, T G and Baylor, D A and Simon, M I},
title = {{Slowed recovery of rod photoresponse in mice lacking the GTPase accelerating protein RGS9-1.}},
journal = {Nature},
year = {2000},
volume = {403},
number = {6769},
pages = {557--560},
month = feb
}

@article{PughJr:2000tp,
author = {Pugh Jr, Edward N and Lamb, Trevor D},
title = {{Phototransduction in Vertebrate Rods and Cones: Molecular Mechanisms of Amplification, Recovery and Light Adaptation}},
journal = {Handbook of Biological Physics},
year = {2000},
pages = {1--75},
month = aug
}

@article{Lyubarsky:1996vl,
author = {Lyubarsky, A L and Pugh, E N},
title = {{Recovery phase of the murine rod photoresponse reconstructed from electroretinographic recordings.}},
journal = {The Journal of neuroscience : the official journal of the Society for Neuroscience},
year = {1996},
volume = {16},
number = {2},
pages = {563--571},
month = jan
}

@article{Ohguro:1995te,
author = {Ohguro, H and Van Hooser, J P and Milam, A H and Palczewski, K},
title = {{Rhodopsin phosphorylation and dephosphorylation in vivo.}},
journal = {The Journal of biological chemistry},
year = {1995},
volume = {270},
number = {24},
pages = {14259--14262},
month = jun
}

@article{Violin:2006fe,
author = {Violin, Jonathan D and Ren, Xiu-Rong and Lefkowitz, Robert J},
title = {{G-protein-coupled receptor kinase specificity for beta-arrestin recruitment to the beta2-adrenergic receptor revealed by fluorescence resonance energy transfer.}},
journal = {The Journal of biological chemistry},
year = {2006},
volume = {281},
number = {29},
pages = {20577--20588},
month = jul
}

@article{Butcher:2011ko,
author = {Butcher, Adrian J and Prihandoko, Rudi and Kong, Kok Choi and McWilliams, Phillip and Edwards, Jennifer M and Bottrill, Andrew and Mistry, Sharad and Tobin, Andrew B},
title = {{Differential G-protein-coupled receptor phosphorylation provides evidence for a signaling bar code.}},
journal = {Journal of Biological Chemistry},
year = {2011},
volume = {286},
number = {13},
pages = {11506--11518},
month = apr
}

@article{Baylor:1979tx,
author = {Baylor, D A and Lamb, T D and Yau, K-W},
title = {{Responses of retinal rods to single photons.}},
journal = {The Journal of Physiology},
year = {1979},
volume = {288},
pages = {613--634},
month = mar
}

@article{Mendez:2000vh,
author = {Mendez, A and Burns, M E and Roca, A and Lem, J and Wu, L W and Simon, M I and Baylor, D A and Chen, J},
title = {{Rapid and reproducible deactivation of rhodopsin requires multiple phosphorylation sites.}},
journal = {Neuron},
year = {2000},
volume = {28},
number = {1},
pages = {153--164},
month = oct
}

@article{Vishnivetskiy:2007ip,
author = {Vishnivetskiy, S A and Raman, D and Wei, J and Kennedy, M J and Hurley, J B and Gurevich, V V},
title = {{Regulation of Arrestin Binding by Rhodopsin Phosphorylation Level}},
journal = {Journal of Biological Chemistry},
year = {2007},
volume = {282},
number = {44},
pages = {32075--32083},
month = aug
}

@article{Sampath:2002dd,
author = {Sampath, Alapakkam P and Baylor, Denis A},
title = {{Molecular mechanism of spontaneous pigment activation in retinal cones.}},
journal = {Biophysical Journal},
year = {2002},
volume = {83},
number = {1},
pages = {184--193},
month = jul
}

@article{Hamer:2005eca,
author = {Hamer, R D and Nicholas, S C and Tranchina, D and Lamb, T D and Jarvinen, J L P},
title = {{Toward a unified model of vertebrate rod phototransduction}},
journal = {Visual neuroscience},
year = {2005},
volume = {22},
number = {4},
pages = {417--436}
}

@article{Nikonov:2008eja,
author = {Nikonov, Sergei S and Brown, Bruce M and Davis, Jason A and Zuniga, Freddi I and Bragin, Alvina and Pugh, Edward N and Craft, Cheryl M},
title = {{Mouse cones require an arrestin for normal inactivation of phototransduction.}},
journal = {Neuron},
year = {2008},
volume = {59},
number = {3},
pages = {462--474},
month = aug
}

@article{Nikonov:1998uda,
author = {Nikonov, S and Engheta, N and Pugh, E N},
title = {{Kinetics of recovery of the dark-adapted salamander rod photoresponse.}},
journal = {The Journal of General Physiology},
year = {1998},
volume = {111},
number = {1},
pages = {7--37},
month = jan
}

@article{Nikonov:2000tf,
author = {Nikonov, S and Lamb, T D and Pugh, E N},
title = {{The role of steady phosphodiesterase activity in the kinetics and sensitivity of the light-adapted salamander rod photoresponse.}},
journal = {The Journal of General Physiology},
year = {2000},
volume = {116},
number = {6},
pages = {795--824},
month = dec
}

@article{Hecht:1942vg,
author = {Hecht, S and Shlaer, S and Pirenne, M H},
title = {{Energy, Quanta, and Vision.}},
journal = {The Journal of General Physiology},
year = {1942},
volume = {25},
number = {6},
pages = {819--840},
month = jul
}

@book{Duda:2001uw,
author = {Duda, Richard O and Hart, Peter E and Stork, David G},
title = {{Pattern classification}},
publisher = {Wiley-Interscience},
year = {2001}
}

@article{Pepperberg:1998tp,
author = {Pepperberg, D R},
title = {{Does rod phototransduction involve the delayed transition of activated rhodopsin to a second, more active catalytic state?}},
journal = {Visual neuroscience},
year = {1998},
volume = {15},
number = {6},
pages = {1067--1078},
month = oct
}

@article{Zhao:1995to,
author = {Zhao, X and Palczewski, K and Ohguro, H},
title = {{Mechanism of rhodopsin phosphorylation}},
journal = {Biophysical chemistry},
year = {1995},
volume = {56},
number = {1-2},
pages = {183--188}
}

@book{Rodieck:1998tu,
author = {Rodieck, Robert W},
title = {{The first steps in seeing}},
publisher = {Sinauer Associates Inc},
year = {1998}
}

@article{Hara:2011df,
author = {Hara, Makoto R and Kovacs, Jeffrey J and Whalen, Erin J and Rajagopal, Sudarshan and Strachan, Ryan T and Grant, Wayne and Towers, Aaron J and Williams, Barbara and Lam, Christopher M and Xiao, Kunhong and Shenoy, Sudha K and Gregory, Simon G and Ahn, Seungkirl and Duckett, Derek R and Lefkowitz, Robert J},
title = {{A stress response pathway regulates DNA damage through β(2)-adrenoreceptors and β-arrestin-1.}},
journal = {Nature},
year = {2011},
month = aug
}

@article{Whitlock:1999wm,
author = {Whitlock, G G and Lamb, T D},
title = {{Variability in the time course of single photon responses from toad rods: termination of rhodopsin's activity}},
journal = {Neuron},
year = {1999},
volume = {23},
number = {2},
pages = {337--351},
month = jun
}

@article{Rasmussen:2011kp,
author = {Rasmussen, S{\o}ren G F and Devree, Brian T and Zou, Yaozhong and Kruse, Andrew C and Chung, Ka Young and Kobilka, Tong Sun and Thian, Foon Sun and Chae, Pil Seok and Pardon, Els and Calinski, Diane and Mathiesen, Jesper M and Shah, Syed T A and Lyons, Joseph A and Caffrey, Martin and Gellman, Samuel H and Steyaert, Jan and Skiniotis, Georgios and Weis, William I and Sunahara, Roger K and Kobilka, Brian K},
title = {{Crystal structure of the β(2) adrenergic receptor-Gs protein complex.}},
journal = {Nature},
year = {2011},
month = jul
}

@article{Calvert:2006hg,
author = {Calvert, Peter D and Strissel, Katherine J and Schiesser, William E and Pugh, Edward N and Arshavsky, Vadim Y},
title = {{Light-driven translocation of signaling proteins in vertebrate photoreceptors.}},
journal = {Trends in cell biology},
year = {2006},
volume = {16},
number = {11},
pages = {560--568},
month = nov
}

@article{Hamer:2003gc,
author = {Hamer, R D and Nicholas, S C and Tranchina, D and Liebman, P A and Lamb, T D},
title = {{Multiple steps of phosphorylation of activated rhodopsin can account for the reproducibility of vertebrate rod single-photon responses.}},
journal = {The Journal of General Physiology},
year = {2003},
volume = {122},
number = {4},
pages = {419--444},
month = oct
}

@article{Kennedy:2004tz,
author = {Kennedy, Matthew J and Dunn, Felice A and Hurley, James B},
title = {{Visual pigment phosphorylation but not transducin translocation can contribute to light adaptation in zebrafish cones.}},
journal = {Neuron},
year = {2004},
volume = {41},
number = {6},
pages = {915--928},
month = mar
}

@article{Pugh:1993vc,
author = {Pugh, E N and Lamb, T D},
title = {{Amplification and kinetics of the activation steps in phototransduction.}},
journal = {Biochimica et biophysica acta},
year = {1993},
volume = {1141},
number = {2-3},
pages = {111--149},
month = mar
}

@article{Sampath:2004vg,
author = {Sampath, Alapakkam P and Rieke, Fred},
title = {{Selective transmission of single photon responses by saturation at the rod-to-rod bipolar synapse.}},
journal = {Neuron},
year = {2004},
volume = {41},
number = {3},
pages = {431--443},
month = feb
}

@article{Lefkowitz:2007cza,
author = {Lefkowitz, R J},
title = {{Seven transmembrane receptors: something old, something new}},
journal = {Acta physiologica (Oxford, England)},
year = {2007},
volume = {190},
number = {1},
pages = {9--19},
month = may
}

@article{Nikonov:2008ej,
author = {Nikonov, Sergei S and Brown, Bruce M and Davis, Jason A and Zuniga, Freddi I and Bragin, Alvina and Pugh, Edward N and Craft, Cheryl M},
title = {{Mouse cones require an arrestin for normal inactivation of phototransduction}},
journal = {Neuron},
year = {2008},
volume = {59},
number = {3},
pages = {462--474},
month = aug
}

@article{Pepperberg:2003th,
author = {Pepperberg, D WESLEY CORSON and DAVID R},
title = {{Conditioning light differentially desensitizes rod phototransduction mediated by native and 9-demethyl analog visual pigment}},
year = {2003},
pages = {1--8},
month = feb
}

@article{Kisselev:1999wk,
author = {Kisselev, O G and Meyer, C K and Heck, M and Ernst, O P and Hofmann, K P},
title = {{Signal transfer from rhodopsin to the G-protein: evidence for a two-site sequential fit mechanism.}},
journal = {Proceedings of the National Academy of Sciences of the United States of America},
year = {1999},
volume = {96},
number = {9},
pages = {4898--4903},
month = apr
}

@article{Andreucci:2003fq,
author = {Andreucci, D and Bisegna, P and Caruso, G and Hamm, H E and Dibenedetto, E},
title = {{Mathematical model of the spatio-temporal dynamics of second messengers in visual transduction.}},
journal = {Biophysical Journal},
year = {2003},
volume = {85},
number = {3},
pages = {1358--1376},
month = sep
}

@article{Doan:2009jq,
author = {Doan, Thuy and Azevedo, Anthony W and Hurley, James B and Rieke, Fred},
title = {{Arrestin competition influences the kinetics and variability of the single-photon responses of mammalian rod photoreceptors.}},
journal = {Journal of Neuroscience},
year = {2009},
volume = {29},
number = {38},
pages = {11867--11879},
month = sep
}

@article{Hamer:2005ec,
author = {Hamer, R D and Nicholas, S C and Tranchina, D and Lamb, T D and Jarvinen, J L P},
title = {{Toward a unified model of vertebrate rod phototransduction.}},
journal = {Visual neuroscience},
year = {2005},
volume = {22},
number = {4},
pages = {417--436},
month = jun
}

@article{Baylor:1980tl,
author = {Baylor, D A and Matthews, G and Yau, K-W},
title = {{Two components of electrical dark noise in toad retinal rod outer segments.}},
journal = {The Journal of Physiology},
year = {1980},
volume = {309},
pages = {591--621},
month = dec
}

@article{Gibson:2000vf,
author = {Gibson, S K and Parkes, J H and Liebman, P A},
title = {{Phosphorylation modulates the affinity of light-activated rhodopsin for G protein and arrestin.}},
journal = {Biochemistry},
year = {2000},
volume = {39},
number = {19},
pages = {5738--5749},
month = may
}

@article{Ghosh:2011fc,
author = {Ghosh, Madhumita and Schonbrunn, Agnes},
title = {{Differential temporal and spatial regulation of somatostatin receptor phosphorylation and dephosphorylation.}},
journal = {Journal of Biological Chemistry},
year = {2011},
volume = {286},
number = {15},
pages = {13561--13573},
month = apr
}

@article{Calvert:2001gt,
author = {Calvert, P D and Govardovskii, V I and Krasnoperova, N and Anderson, R E and Lem, J and Makino, C L},
title = {{Membrane protein diffusion sets the speed of rod phototransduction.}},
journal = {Nature},
year = {2001},
volume = {411},
number = {6833},
pages = {90--94},
month = may
}

@article{Tian:2009fw,
author = {Tian, Lin and Hires, S Andrew and Mao, Tianyi and Huber, Daniel and Chiappe, M Eugenia and Chalasani, Sreekanth H and Petreanu, Leopoldo and Akerboom, Jasper and McKinney, Sean A and Schreiter, Eric R and Bargmann, Cornelia I and Jayaraman, Vivek and Svoboda, Karel and Looger, Loren L},
title = {{Imaging neural activity in worms, flies and mice with improved GCaMP calcium indicators.}},
journal = {Nature Methods},
year = {2009},
volume = {6},
number = {12},
pages = {875--881},
month = dec
}

@article{Burns:2005jm,
author = {Burns, Marie E and Arshavsky, Vadim Y},
title = {{Beyond counting photons: trials and trends in vertebrate visual transduction.}},
journal = {Neuron},
year = {2005},
volume = {48},
number = {3},
pages = {387--401},
month = nov
}

@article{Nikonov:2000tfa,
author = {Nikonov, S and Lamb, T D and Pugh, E N},
title = {{The role of steady phosphodiesterase activity in the kinetics and sensitivity of the light-adapted salamander rod photoresponse.}},
journal = {The Journal of General Physiology},
year = {2000},
volume = {116},
number = {6},
pages = {795--824},
month = dec
}

@article{Puig:1995ut,
author = {Puig, J and Arendt, A and Tomson, F L and Abdulaeva, G and Miller, R and Hargrave, P A and McDowell, J H},
title = {{Synthetic phosphopeptide from rhodopsin sequence induces retinal arrestin binding to photoactivated unphosphorylated rhodopsin.}},
journal = {FEBS letters},
year = {1995},
volume = {362},
number = {2},
pages = {185--188},
month = apr
}

@article{Arshavsky:1985tr,
author = {Arshavsky, V Y and Dizhoor, A M and Shestakova, I K and Philippov, P},
title = {{The effect of rhodopsin phosphorylation on the light-dependent activation of phosphodiesterase from bovine rod outer segments.}},
journal = {FEBS letters},
year = {1985},
volume = {181},
number = {2},
pages = {264--266},
month = feb
}

@article{Sampath:1998ta,
author = {Sampath, A P and Matthews, H R and Cornwall, M C and Fain, G L},
title = {{Bleached pigment produces a maintained decrease in outer segment Ca2+ in salamander rods.}},
journal = {The Journal of General Physiology},
year = {1998},
volume = {111},
number = {1},
pages = {53--64},
month = jan
}

@article{Pepperberg:2003uk,
author = {Pepperberg, David R},
title = {{Bleaching desensitization: background and current challenges.}},
journal = {Vision Research},
year = {2003},
volume = {43},
number = {28},
pages = {3011--3019},
month = dec
}

@techreport{Azevedo:2011tm,
author = {Azevedo, Anthony},
title = {{List of rho phosph papers}},
year = {2011},
month = oct
}

@article{Burns:2001ga,
author = {Burns, M E and Baylor, D A},
title = {{Activation, deactivation, and adaptation in vertebrate photoreceptor cells.}},
journal = {Annual Review of Neuroscience},
year = {2001},
volume = {24},
pages = {779--805}
}

@article{Hanyaloglu:2008bs,
author = {Hanyaloglu, Aylin C and von Zastrow, Mark},
title = {{Regulation of GPCRs by endocytic membrane trafficking and its potential implications.}},
journal = {Annual review of pharmacology and toxicology},
year = {2008},
volume = {48},
pages = {537--568}
}

@article{Krispel:2006hh,
author = {Krispel, Claudia M and Chen, Desheng and Melling, Nathan and Chen, Yu-Jiun and Martemyanov, Kirill A and Quillinan, Nidia and Arshavsky, Vadim Y and Wensel, Theodore G and Chen, Ching-Kang and Burns, Marie E},
title = {{RGS expression rate-limits recovery of rod photoresponses.}},
journal = {Neuron},
year = {2006},
volume = {51},
number = {4},
pages = {409--416},
month = aug
}

@article{Field:2002we,
author = {Field, Greg D and Rieke, Fred},
title = {{Nonlinear signal transfer from mouse rods to bipolar cells and implications for visual sensitivity.}},
journal = {Neuron},
year = {2002},
volume = {34},
number = {5},
pages = {773--785},
month = may
}

@article{Chen:1995up,
author = {Chen, C-K and Inglese, J and Lefkowitz, R J and Hurley, J B},
title = {{Ca(2+)-dependent interaction of recoverin with rhodopsin kinase.}},
journal = {The Journal of biological chemistry},
year = {1995},
volume = {270},
number = {30},
pages = {18060--18066},
month = jul
}

@article{Ohguro:1994th,
author = {Ohguro, H and Johnson, R S and Ericsson, L H and Walsh, K A and Palczewski, K},
title = {{Control of rhodopsin multiple phosphorylation.}},
journal = {Biochemistry},
year = {1994},
volume = {33},
number = {4},
pages = {1023--1028},
month = feb
}

@article{Felber:1996it,
author = {Felber, S and Breuer, H P and Petruccione, F and Honerkamp, J and Hofmann, K P},
title = {{Stochastic simulation of the transducin GTPase cycle.}},
journal = {Biophysical Journal},
year = {1996},
volume = {71},
number = {6},
pages = {3051--3063},
month = dec
}

@article{Pepperberg:1997vq,
author = {Pepperberg, D R and Birch, D G and Hood, D C},
title = {{Photoresponses of human rods in vivo derived from paired-flash electroretinograms.}},
journal = {Visual neuroscience},
year = {1997},
volume = {14},
number = {1},
pages = {73--82}
}

@article{Song:2009cf,
author = {Song, Xiufeng and Vishnivetskiy, Sergey A and Gross, Owen P and Emelianoff, Katrina and Mendez, Ana and Chen, Jeannie and Gurevich, Eugenia V and Burns, Marie E and Gurevich, Vsevolod V},
title = {{Enhanced Arrestin Facilitates Recovery and Protects Rods Lacking Rhodopsin Phosphorylation}},
journal = {Current Biology},
year = {2009},
volume = {19},
number = {8},
pages = {700--705},
month = apr
}

@article{Draber:1994gp,
author = {Draber, S and Schultze, R},
title = {{Detection of jumps in single-channel data containing subconductance levels.}},
journal = {Biophysical Journal},
year = {1994},
volume = {67},
number = {4},
pages = {1404--1413},
month = oct
}

@article{Pepperberg:1992ts,
author = {Pepperberg, D R and Cornwall, M C and Kahlert, M and Hofmann, K P and Jin, J and Jones, G J and Ripps, H},
title = {{Light-dependent delay in the falling phase of the retinal rod photoresponse.}},
journal = {Visual neuroscience},
year = {1992},
volume = {8},
number = {1},
pages = {9--18},
month = jan
}

@article{Gether:1997tv,
author = {Gether, U and Ballesteros, J A and Seifert, R and Sanders-Bush, E and Weinstein, H and Kobilka, B K},
title = {{Structural instability of a constitutively active G protein-coupled receptor. Agonist-independent activation due to conformational flexibility.}},
journal = {The Journal of biological chemistry},
year = {1997},
volume = {272},
number = {5},
pages = {2587--2590},
month = jan
}

@article{Perry:2002wg,
author = {Perry, Stephen J and Lefkowitz, Robert J},
title = {{Arresting developments in heptahelical receptor signaling and regulation.}},
journal = {Trends in cell biology},
year = {2002},
volume = {12},
number = {3},
pages = {130--138},
month = mar
}

@article{DeWire:2007ff,
author = {DeWire, Scott M and Ahn, Seungkirl and Lefkowitz, Robert J and Shenoy, Sudha K},
title = {{β-Arrestins and Cell Signaling}},
journal = {Annual Review of Physiology},
year = {2007},
volume = {69},
number = {1},
pages = {483--510},
month = mar
}

@article{Mendez:2003tf,
author = {Mendez, Ana and Lem, Janis and Simon, Melvin and Chen, Jeannie},
title = {{Light-dependent translocation of arrestin in the absence of rhodopsin phosphorylation and transducin signaling}},
journal = {The Journal of neuroscience : the official journal of the Society for Neuroscience},
year = {2003},
volume = {23},
number = {8},
pages = {3124--3129},
month = apr,
note = {}
}

@article{Chen:2010hk,
author = {Chen, C-K and Woodruff, M L and Chen, F S and Chen, D and Fain, G L},
title = {{Background Light Produces a Recoverin-Dependent Modulation of Activated-Rhodopsin Lifetime in Mouse Rods}},
journal = {Journal of Neuroscience},
year = {2010},
volume = {30},
number = {4},
pages = {1213--1220},
month = jan
}

@article{Reiter:2006eg,
author = {Reiter, Eric and Lefkowitz, Robert J},
title = {{GRKs and β-arrestins: roles in receptor silencing, trafficking and signaling}},
journal = {Trends in Endocrinology {\&} Metabolism},
year = {2006},
volume = {17},
number = {4},
pages = {159--165},
month = may
}

@article{Baylor:1979wd,
author = {Baylor, D A and Lamb, T D and Yau, K-W},
title = {{The membrane current of single rod outer segments.}},
journal = {The Journal of Physiology},
year = {1979},
volume = {288},
pages = {589--611},
month = mar
}

@article{DeFea:2007ex,
author = {DeFea, Kathryn A},
title = {{Stop That Cell! β-Arrestin-Dependent Chemotaxis: A Tale of Localized Actin Assembly and Receptor Desensitization}},
journal = {Annual Review of Physiology},
year = {2007},
volume = {69},
number = {1},
pages = {535--560},
month = mar
}

@article{Warne:2008gc,
author = {Warne, Tony and Serrano-Vega, Maria J and Baker, Jillian G and Moukhametzianov, Rouslan and Edwards, Patricia C and Henderson, Richard and Leslie, Andrew G W and Tate, Christopher G and Schertler, Gebhard F X},
title = {{Structure of a β1-adrenergic G-protein-coupled receptor}},
journal = {Nature},
year = {2008},
volume = {454},
number = {7203},
pages = {486--491},
month = jun
}

@article{Caruso:2011fv,
author = {Caruso, Giovanni and Bisegna, Paolo and Andreucci, Daniele and Lenoci, Leonardo and Gurevich, Vsevolod V and Hamm, Heidi E and Dibenedetto, Emmanuele},
title = {{Identification of key factors that reduce the variability of the single photon response.}},
journal = {Proceedings of the National Academy of Sciences},
year = {2011},
volume = {108},
number = {19},
pages = {7804--7807},
month = may
}

@article{Zastrow:2003hm,
author = {Zastrow, Mark von},
title = {{Mechanisms regulating membrane trafficking of G protein-coupled receptors in the endocytic pathway}},
journal = {Life Sciences},
year = {2003},
volume = {74},
number = {2-3},
pages = {217--224},
month = dec
}

@article{Holcman:2004kk,
author = {Holcman, David and Korenbrot, Juan I},
title = {{Longitudinal diffusion in retinal rod and cone outer segment cytoplasm: the consequence of cell structure.}},
journal = {Biophysical Journal},
year = {2004},
volume = {86},
number = {4},
pages = {2566--2582},
month = apr
}

@article{Oakley:2000ev,
author = {Oakley, R H},
title = {{Differential Affinities of Visual Arrestin, beta Arrestin1, and beta Arrestin2 for G Protein-coupled Receptors Delineate Two Major Classes of Receptors}},
journal = {Journal of Biological Chemistry},
year = {2000},
volume = {275},
number = {22},
pages = {17201--17210},
month = mar
}

@article{Kisselev:2004il,
author = {Kisselev, Oleg G and Mcdowell, J Hugh and Hargrave, Paul A},
title = {{The arrestin-bound conformation and dynamics of the phosphorylated carboxy-terminal region of rhodopsin.}},
journal = {FEBS letters},
year = {2004},
volume = {564},
number = {3},
pages = {307--311},
month = apr
}

@article{Kennedy:2001us,
author = {Kennedy, M J and Lee, K A and Niemi, G A and Craven, K B and Garwin, G G and Saari, J C and Hurley, J B},
title = {{Multiple phosphorylation of rhodopsin and the in vivo chemistry underlying rod photoreceptor dark adaptation.}},
journal = {Neuron},
year = {2001},
volume = {31},
number = {1},
pages = {87--101},
month = jul
}

@article{Moore:2007kk,
author = {Moore, Catherine A C and Milano, Shawn K and Benovic, Jeffrey L},
title = {{Regulation of Receptor Trafficking by GRKs and Arrestins}},
journal = {Annual Review of Physiology},
year = {2007},
volume = {69},
number = {1},
pages = {451--482},
month = mar
}

@article{Oakley:2001hg,
author = {Oakley, R H},
title = {{Molecular Determinants Underlying the Formation of Stable Intracellular G Protein-coupled Receptor-beta -Arrestin Complexes after Receptor Endocytosis*}},
journal = {Journal of Biological Chemistry},
year = {2001},
volume = {276},
number = {22},
pages = {19452--19460},
month = mar
}

@article{Oakley:1999vo,
author = {Oakley, R H and Laporte, S A and Holt, J A and Barak, L S and Caron, M G},
title = {{Association of beta-arrestin with G protein-coupled receptors during clathrin-mediated endocytosis dictates the profile of receptor resensitization.}},
journal = {The Journal of biological chemistry},
year = {1999},
volume = {274},
number = {45},
pages = {32248--32257},
month = nov
}

@article{Pitcher:1998fw,
author = {Pitcher, J A and Freedman, N J and Lefkowitz, R J},
title = {{G protein-coupled receptor kinases.}},
journal = {Annual review of biochemistry},
year = {1998},
volume = {67},
pages = {653--692}
}

@article{Arshavsky:2002ud,
author = {Arshavsky, Vadim Y},
title = {{Rhodopsin phosphorylation: from terminating single photon responses to photoreceptor dark adaptation.}},
journal = {Trends in neurosciences},
year = {2002},
volume = {25},
number = {3},
pages = {124--126},
month = mar
}

@article{Chen:2002ki,
author = {Chen, Chunhe and Jiang, Yunhai and Koutalos, Yiannis},
title = {{Dynamic behavior of rod photoreceptor disks.}},
journal = {Biophysical Journal},
year = {2002},
volume = {83},
number = {3},
pages = {1403--1412},
month = sep
}

@article{Kisselev:2004ii,
author = {Kisselev, Oleg G and Downs, Maureen A and Mcdowell, J Hugh and Hargrave, Paul A},
title = {{Conformational changes in the phosphorylated C-terminal domain of rhodopsin during rhodopsin arrestin interactions.}},
journal = {The Journal of biological chemistry},
year = {2004},
volume = {279},
number = {49},
pages = {51203--51207},
month = dec
}

@article{Kisselev:2003wu,
author = {Kisselev, Oleg G and Downs, Maureen A},
title = {{Rhodopsin controls a conformational switch on the transducin gamma subunit.}},
journal = {Structure (London, England : 1993)},
year = {2003},
volume = {11},
number = {4},
pages = {367--373},
month = apr
}

@article{Lamb:1992vi,
author = {Lamb, T D and Pugh, E N},
title = {{A quantitative account of the activation steps involved in phototransduction in amphibian photoreceptors.}},
journal = {The Journal of Physiology},
year = {1992},
volume = {449},
pages = {719--758},
month = apr
}

@techreport{Mulgrew:2011ve,
author = {Mulgrew, Amy C},
title = {{A Geometric Approach To Study The Relationship Between Maternal and Fetal Characteristics and the Shape of Placental Surfaces}},
institution = {Department of Mathematics and Statistics California State University, Long Beach},
year = {2011},
month = may
}

@article{Lyubarsky:2004fv,
author = {Lyubarsky, Arkady L and Daniele, Lauren L and Pugh, Edward N},
title = {{From candelas to photoisomerizations in the mouse eye by rhodopsin bleaching in situ and the light-rearing dependence of the major components of the mouse ERG.}},
journal = {Vision Research},
year = {2004},
volume = {44},
number = {28},
pages = {3235--3251},
month = dec
}

@article{Makino:2004gc,
author = {Makino, Clint L and Dodd, R L and Chen, J and Burns, M E and Roca, A and Simon, M I and Baylor, D A},
title = {{Recoverin regulates light-dependent phosphodiesterase activity in retinal rods.}},
journal = {The Journal of General Physiology},
year = {2004},
volume = {123},
number = {6},
pages = {729--741},
month = jun
}

@article{Sampath:1999tz,
author = {Sampath, A P and Matthews, H R and Cornwall, M C and Bandarchi, J and Fain, G L},
title = {{Light-dependent changes in outer segment free-Ca2+ concentration in salamander cone photoreceptors.}},
journal = {The Journal of General Physiology},
year = {1999},
volume = {113},
number = {2},
pages = {267--277},
month = feb
}

@article{Sampath:2005ba,
author = {Sampath, Alapakkam P and Strissel, Katherine J and Elias, Rajesh and Arshavsky, Vadim Y and McGinnis, James F and Chen, Jeannie and Kawamura, Satoru and Rieke, Fred and Hurley, James B},
title = {{Recoverin improves rod-mediated vision by enhancing signal transmission in the mouse retina.}},
journal = {Neuron},
year = {2005},
volume = {46},
number = {3},
pages = {413--420},
month = may
}

@article{Detwiler:2000de,
author = {Detwiler, P B and Ramanathan, S and Sengupta, A and Shraiman, B I},
title = {{Engineering aspects of enzymatic signal transduction: photoreceptors in the retina.}},
journal = {Biophysical Journal},
year = {2000},
volume = {79},
number = {6},
pages = {2801--2817},
month = dec
}

@article{Lamb:1994hj,
author = {Lamb, T D},
title = {{Stochastic simulation of activation in the G-protein cascade of phototransduction.}},
journal = {Biophysical Journal},
year = {1994},
volume = {67},
number = {4},
pages = {1439--1454},
month = oct
}

@article{AlaLaurila:2004ii,
author = {Ala-Laurila, Petri and Donner, Kristian and Koskelainen, Ari},
title = {{Thermal activation and photoactivation of visual pigments.}},
journal = {Biophysical Journal},
year = {2004},
volume = {86},
number = {6},
pages = {3653--3662},
month = jun
}

@article{Nobles:2011kf,
author = {Nobles, Kelly N and Xiao, Kunhong and Ahn, Seungkirl and Shukla, Arun K and Lam, Christopher M and Rajagopal, Sudarshan and Strachan, Ryan T and Huang, Teng-Yi and Bressler, Erin A and Hara, Makoto R and Shenoy, Sudha K and Gygi, Steven P and Lefkowitz, Robert J},
title = {{Distinct Phosphorylation Sites on the {beta}2-Adrenergic Receptor Establish a Barcode That Encodes Differential Functions of {beta}-Arrestin.}},
journal = {Science Signaling},
year = {2011},
volume = {4},
number = {185},
pages = {ra51},
month = aug
}

@article{Burns:2002ux,
author = {Burns, Marie E and Lamb, Trevor D},
title = {{Visual Transduction by Rod and Cone Photoreceptors}},
year = {2002},
pages = {1--28},
month = oct
}

@article{Burns:2002un,
author = {Burns, Marie E and Mendez, Ana and Chen, Jeannie and Baylor, Denis A},
title = {{Dynamics of cyclic GMP synthesis in retinal rods.}},
journal = {Neuron},
year = {2002},
volume = {36},
number = {1},
pages = {81--91},
month = sep
}

@article{Schnapf:1983vr,
author = {Schnapf, J L},
title = {{Dependence of the single photon response on longitudinal position of absorption in toad rod outer segments.}},
journal = {The Journal of Physiology},
year = {1983},
volume = {343},
pages = {147--159},
month = oct
}

@article{Xu:1997dp,
author = {Xu, J and Dodd, R L and Makino, C L and Simon, M I and Baylor, D A and Chen, J},
title = {{Prolonged photoresponses in transgenic mouse rods lacking arrestin.}},
journal = {Nature},
year = {1997},
volume = {389},
number = {6650},
pages = {505--509},
month = oct
}

@article{Calvert:2000fk,
author = {Calvert, P D and Krasnoperova, N V and Lyubarsky, A L and Isayama, T and Nicol{\'o}, M and Kosaras, B and Wong, G and Gannon, K S and Margolskee, R F and Sidman, R L and Pugh, E N and Makino, C L and Lem, J},
title = {{Phototransduction in transgenic mice after targeted deletion of the rod transducin alpha -subunit.}},
journal = {Proceedings of the National Academy of Sciences of the United States of America},
year = {2000},
volume = {97},
number = {25},
pages = {13913--13918},
month = dec
}

@article{Rieke:1996ka,
author = {Rieke, F and Baylor, D A},
title = {{Molecular origin of continuous dark noise in rod photoreceptors.}},
journal = {Biophysical Journal},
year = {1996},
volume = {71},
number = {5},
pages = {2553--2572},
month = nov
}

@article{Doan:2006jr,
author = {Doan, Thuy and Mendez, Ana and Detwiler, Peter B and Chen, Jeannie and Rieke, Fred},
title = {{Multiple phosphorylation sites confer reproducibility of the rod's single-photon responses.}},
journal = {Science},
year = {2006},
volume = {313},
number = {5786},
pages = {530--533},
month = jul
}

@article{Field:2005fab,
author = {Field, Greg D and Sampath, Alapakkam P and Rieke, Fred},
title = {{Retinal processing near absolute threshold: from behavior to mechanism.}},
journal = {Annual Review of Physiology},
year = {2005},
volume = {67},
pages = {491--514}
}

@article{Chen:1999tp,
author = {Chen, C-K and Burns, M E and Spencer, M and Niemi, G A and Chen, J and Hurley, J B and Baylor, D A and Simon, M I},
title = {{Abnormal photoresponses and light-induced apoptosis in rods lacking rhodopsin kinase.}},
journal = {Proceedings of the National Academy of Sciences of the United States of America},
year = {1999},
volume = {96},
number = {7},
pages = {3718--3722},
month = mar
}

@article{Field:2002vfa,
author = {Field, Greg D and Rieke, Fred},
title = {{Mechanisms regulating variability of the single photon responses of mammalian rod photoreceptors.}},
journal = {Neuron},
year = {2002},
volume = {35},
number = {4},
pages = {733--747},
month = aug
}

@article{Rieke:1998hx,
author = {Rieke, F and Baylor, D A},
title = {{Origin of reproducibility in the responses of retinal rods to single photons}},
journal = {Biophysical Journal},
year = {1998},
volume = {75},
number = {4},
pages = {1836--1857},
month = oct
}

@article{Yau:1977vu,
author = {Yau, K-W and Lamb, T D and Baylor, D A},
title = {{Light-induced fluctuations in membrane current of single toad rod outer segments.}},
journal = {Nature},
year = {1977},
volume = {269},
number = {5623},
pages = {78--80},
month = sep
}

@article{Sakitt:1972we,
author = {Sakitt, B},
title = {{Counting every quantum.}},
journal = {The Journal of Physiology},
year = {1972},
volume = {223},
number = {1},
pages = {131--150},
month = may
}

@article{Chen:2005fz,
author = {Chen, Chunhe and Tsina, Efthymia and Carter Cornwall, M and Crouch, Rosalie K and Vijayaraghavan, Sukumar and Koutalos, Yiannis},
title = {{Reduction of All-trans Retinal to All-trans Retinol in the Outer Segments of Frog and Mouse Rod Photoreceptors}},
journal = {Biophysical Journal},
year = {2005},
volume = {88},
number = {3},
pages = {2278--2287},
month = mar
}

@article{Bisegna:2008dc,
author = {Bisegna, Paolo and Caruso, Giovanni and Andreucci, Daniele and Shen, Lixin and Gurevich, Vsevolod V and Hamm, Heidi E and Dibenedetto, Emmanuele},
title = {{Diffusion of the second messengers in the cytoplasm acts as a variability suppressor of the single photon response in vertebrate phototransduction.}},
journal = {Biophysical Journal},
year = {2008},
volume = {94},
number = {9},
pages = {3363--3383},
month = may
}

@article{Nikonov:1998ud,
author = {Nikonov, S and Engheta, N and Pugh, E N},
title = {{Kinetics of recovery of the dark-adapted salamander rod photoresponse.}},
journal = {The Journal of General Physiology},
year = {1998},
volume = {111},
number = {1},
pages = {7--37},
month = jan
}

@article{Burns:2009hs,
author = {Burns, Marie E and Pugh, Edward N},
title = {{RGS9 concentration matters in rod phototransduction.}},
journal = {Biophysical Journal},
year = {2009},
volume = {97},
number = {6},
pages = {1538--1547},
month = sep
}

@article{Laitko:1998hr,
author = {Laitko, U and Hofmann, K P},
title = {{A model for the recovery kinetics of rod phototransduction, based on the enzymatic deactivation of rhodopsin.}},
journal = {Biophysical Journal},
year = {1998},
volume = {74},
number = {2 Pt 1},
pages = {803--815},
month = feb
}

@article{Burns:2010hf,
author = {Burns, M E and Pugh, E N},
title = {{Lessons from Photoreceptors: Turning Off G-Protein Signaling in Living Cells}},
journal = {Physiology},
year = {2010},
volume = {25},
number = {2},
pages = {72--84},
month = apr
}

@article{Lee:2002gd,
author = {Lee, Kimberly A and Craven, Kimberley B and Niemi, Gregory A and Hurley, James B},
title = {{Mass spectrometric analysis of the kinetics of in vivo rhodopsin phosphorylation.}},
journal = {Protein science : a publication of the Protein Society},
year = {2002},
volume = {11},
number = {4},
pages = {862--874},
month = apr
}

@article{Arshavsky:2002ik,
author = {Arshavsky, Vadim Y and Lamb, Trevor D and Pugh, Edward N},
title = {{G proteins and phototransduction.}},
journal = {Annual Review of Physiology},
year = {2002},
volume = {64},
pages = {153--187}
}

@article{Tobin:2008il,
author = {Tobin, Andrew B and Butcher, Adrian J and Kong, Kok Choi},
title = {{Location, location, location...site-specific GPCR phosphorylation offers a mechanism for cell-type-specific signalling.}},
journal = {Trends in pharmacological sciences},
year = {2008},
volume = {29},
number = {8},
pages = {413--420},
month = aug
}

@article{Kawamura:1993hk,
author = {Kawamura, S},
title = {{Rhodopsin phosphorylation as a mechanism of cyclic GMP phosphodiesterase regulation by S-modulin.}},
journal = {Nature},
year = {1993},
volume = {362},
number = {6423},
pages = {855--857},
month = apr
}

@article{Ohguro:1993vy,
author = {Ohguro, H and Palczewski, K and Ericsson, L H and Walsh, K A and Johnson, R S},
title = {{Sequential phosphorylation of rhodopsin at multiple sites.}},
journal = {Biochemistry},
year = {1993},
volume = {32},
number = {21},
pages = {5718--5724},
month = jun
}

@article{Lyubarsky:1996vy,
author = {Lyubarsky, A and Nikonov, S and Pugh, E N},
title = {{The kinetics of inactivation of the rod phototransduction cascade with constant Ca2+i.}},
journal = {The Journal of General Physiology},
year = {1996},
volume = {107},
number = {1},
pages = {19--34},
month = jan
}

@article{Fain:1996vr,
author = {Fain, G L and Matthews, H R and Cornwall, M C},
title = {{Dark adaptation in vertebrate photoreceptors.}},
journal = {Trends in neurosciences},
year = {1996},
volume = {19},
number = {11},
pages = {502--507},
month = nov
}

@article{Baylor:1979txa,
author = {Baylor, D A and Lamb, T D and Yau, K-W},
title = {{Responses of retinal rods to single photons.}},
journal = {The Journal of Physiology},
year = {1979},
volume = {288},
pages = {613--634},
month = mar
}

@article{Poll:2011gh,
author = {Poll, Florian and Doll, Christian and Schulz, Stefan},
title = {{Rapid dephosphorylation of G protein-coupled receptors by protein phosphatase 1{beta} is required for termination of {beta}-arrestin-dependent signaling.}},
journal = {Journal of Biological Chemistry},
year = {2011},
month = jul
}

@article{Lyubarsky:2000wq,
author = {Lyubarsky, A L and Chen, C and Simon, M I and Pugh, E N},
title = {{Mice lacking G-protein receptor kinase 1 have profoundly slowed recovery of cone-driven retinal responses.}},
journal = {Journal of Neuroscience},
year = {2000},
volume = {20},
number = {6},
pages = {2209--2217},
month = mar
}

@article{Pugh:2001wo,
author = {Pugh, E N},
title = {{Rods are rods and cones cones, and (never) the twain shall meet.}},
journal = {Neuron},
year = {2001},
volume = {32},
number = {3},
pages = {375--376},
month = nov
}

@article{Koutalos:1996ue,
author = {Koutalos, Y and Yau, K-W},
title = {{Regulation of sensitivity in vertebrate rod photoreceptors by calcium.}},
journal = {Trends in neurosciences},
year = {1996},
volume = {19},
number = {2},
pages = {73--81},
month = feb
}

@article{Krispel:2007fn,
author = {Krispel, Claudia M and Sokolov, Maxim and Chen, Yen-Ming and Song, Hongman and Herrmann, Rolf and Arshavsky, Vadim Y and Burns, Marie E},
title = {{Phosducin regulates the expression of transducin betagamma subunits in rod photoreceptors and does not contribute to phototransduction adaptation.}},
journal = {The Journal of General Physiology},
year = {2007},
volume = {130},
number = {3},
pages = {303--312},
month = sep
}

@article{Caruso:2010fe,
author = {Caruso, Giovanni and Bisegna, Paolo and Lenoci, Leonardo and Andreucci, Daniele and Gurevich, Vsevolod V and Hamm, Heidi E and Dibenedetto, Emmanuele},
title = {{Kinetics of Rhodopsin Deactivation and Its Role in Regulating Recovery and Reproducibility of Rod Photoresponse}},
journal = {PLoS Computational Biology},
year = {2010},
volume = {6},
number = {12},
pages = {e1001031},
month = dec,
note = {page 2, left side, bottom paragraph, sojourn times are the dominant source.  Make sure we mention this in the next paper.}
}

@article{Fain:2001uo,
author = {Fain, G L and Matthews, H R and Cornwall, M C and Koutalos, Y},
title = {{Adaptation in vertebrate photoreceptors.}},
journal = {Physiological reviews},
year = {2001},
volume = {81},
number = {1},
pages = {117--151},
month = jan
}

@article{Hurley:1998tv,
author = {Hurley, J B and Spencer, M and Niemi, G A},
title = {{Rhodopsin phosphorylation and its role in photoreceptor function.}},
journal = {Vision Research},
year = {1998},
volume = {38},
number = {10},
pages = {1341--1352},
month = may
}

@article{Gurevich:2004eh,
author = {Gurevich, Vsevolod V and Gurevich, Eugenia V},
title = {{The molecular acrobatics of arrestin activation.}},
journal = {Trends in pharmacological sciences},
year = {2004},
volume = {25},
number = {2},
pages = {105--111},
month = feb
}

@article{Wilden:1982ur,
author = {Wilden, U and K{\"u}hn, H},
title = {{Light-dependent phosphorylation of rhodopsin: number of phosphorylation sites.}},
journal = {Biochemistry},
year = {1982},
volume = {21},
number = {12},
pages = {3014--3022},
month = jun
}

@article{Naarendorp:2010gc,
author = {Naarendorp, F and Esdaille, T M and Banden, S M and Andrews-Labenski, J and Gross, O P and Pugh, E N},
title = {{Dark Light, Rod Saturation, and the Absolute and Incremental Sensitivity of Mouse Cone Vision}},
journal = {Journal of Neuroscience},
year = {2010},
volume = {30},
number = {37},
pages = {12495--12507},
month = sep
}

@article{Burns:2006ja,
author = {Burns, M E},
title = {{Deactivation of Phosphorylated and Nonphosphorylated Rhodopsin by Arrestin Splice Variants}},
journal = {Journal of Neuroscience},
year = {2006},
volume = {26},
number = {3},
pages = {1036--1044},
month = jan
}

@article{Teller:2001ve,
author = {Teller, D C and Okada, T and Behnke, C A and Palczewski, K and Stenkamp, R E},
title = {{Advances in determination of a high-resolution three-dimensional structure of rhodopsin, a model of G-protein-coupled receptors (GPCRs).}},
journal = {Biochemistry},
year = {2001},
volume = {40},
number = {26},
pages = {7761--7772},
month = jul
}

@article{Brannock:1999cz,
author = {Brannock, M T and Weng, K and Robinson, P R},
title = {{Rhodopsin's carboxyl-terminal threonines are required for wild-type arrestin-mediated quench of transducin activation in vitro.}},
journal = {Biochemistry},
year = {1999},
volume = {38},
number = {12},
pages = {3770--3777},
month = mar
}

@article{Wensel:2008ib,
author = {Wensel, Theodore G},
title = {{Signal transducing membrane complexes of photoreceptor outer segments.}},
journal = {Vision Research},
year = {2008},
volume = {48},
number = {20},
pages = {2052--2061},
month = sep
}

@article{Chen:2005fza,
author = {Chen, Chunhe and Tsina, Efthymia and Carter Cornwall, M and Crouch, Rosalie K and Vijayaraghavan, Sukumar and Koutalos, Yiannis},
title = {{Reduction of All-trans Retinal to All-trans Retinol in the Outer Segments of Frog and Mouse Rod Photoreceptors}},
journal = {Biophysical Journal},
year = {2005},
volume = {88},
number = {3},
pages = {2278--2287},
month = mar
}

@article{Ohguro:1996tm,
author = {Ohguro, H and Rudnicka-Nawrot, M and Buczy{\l}ko, J and Zhao, X and Taylor, J A and Walsh, K A and Palczewski, K},
title = {{Structural and enzymatic aspects of rhodopsin phosphorylation.}},
journal = {The Journal of biological chemistry},
year = {1996},
volume = {271},
number = {9},
pages = {5215--5224},
month = mar
}

@article{Pepperberg:1996wq,
author = {Pepperberg, D R and Birch, D G and Hofmann, K P and Hood, D C},
title = {{Recovery kinetics of human rod phototransduction inferred from the two-branched alpha-wave saturation function.}},
journal = {Journal of the Optical Society of America. A, Optics, image science, and vision},
year = {1996},
volume = {13},
number = {3},
pages = {586--600},
month = mar
}

